<record><leader>00000cas a22000007a 4500</leader><controlfield tag="001">13451640</controlfield><controlfield tag="008">860418d198u19uufludn ne      0   a0eng c</controlfield><datafield ind1=" " ind2=" " tag="010"><subfield code="a">sn 86013880 </subfield></datafield><datafield ind1=" " ind2=" " tag="040"><subfield code="a">NSD</subfield><subfield code="b">eng</subfield><subfield code="c">NSD</subfield><subfield code="d">OCLCQ</subfield></datafield><datafield ind1=" " ind2=" " tag="012"><subfield code="j">0</subfield><subfield code="l">1</subfield><subfield code="m">d</subfield></datafield><datafield ind1="1" ind2=" " tag="022"><subfield code="a">0888-0263</subfield><subfield code="l">0888-0263</subfield><subfield code="2">1</subfield></datafield><datafield ind1=" " ind2=" " tag="042"><subfield code="a">nsdp</subfield><subfield code="a">pcc</subfield></datafield><datafield ind1=" " ind2="0" tag="222"><subfield code="a">Miami review</subfield></datafield><datafield ind1="0" ind2="0" tag="245"><subfield code="a">Miami review.</subfield></datafield><datafield ind1=" " ind2=" " tag="260"><subfield code="a">Miami, Fla. :</subfield><subfield code="b">Miami Review Inc.</subfield></datafield><datafield ind1=" " ind2=" " tag="310"><subfield code="a">Daily (except Saturday, Sunday &amp; legal holidays)</subfield></datafield><datafield ind1=" " ind2=" " tag="588"><subfield code="a">Description based on: Vol. 60, no. 163 (Friday, Jan. 31, 1986).</subfield></datafield><datafield ind1=" " ind2=" " tag="588"><subfield code="a">Latest issue consulted: Vol. 60, no. 240 (May 21, 1986).</subfield></datafield><datafield ind1=" " ind2=" " tag="752"><subfield code="a">United States</subfield><subfield code="b">Florida</subfield><subfield code="c">Dade</subfield><subfield code="d">Miami.</subfield></datafield><datafield ind1="0" ind2="0" tag="780"><subfield code="t">Miami review and daily record</subfield><subfield code="w">(OCoLC)8253561</subfield></datafield><datafield ind1="0" ind2="0" tag="785"><subfield code="t">Miami daily business review</subfield><subfield code="x">1070-6437</subfield><subfield code="w">(DLC)sn 93007595</subfield><subfield code="w">(OCoLC)28249690</subfield></datafield></record>